<record><leader>00000cas a2200000 a 4500</leader><controlfield tag="001">29001492</controlfield><controlfield tag="008">931013d18921905iludn ne      0   a0eng c</controlfield><datafield ind1=" " ind2=" " tag="010"><subfield code="a">sn 93056005 </subfield></datafield><datafield ind1=" " ind2=" " tag="040"><subfield code="a">NVF</subfield><subfield code="b">eng</subfield><subfield code="c">NVF</subfield><subfield code="d">CRL</subfield><subfield code="d">CVF</subfield><subfield code="d">NVF</subfield><subfield code="d">OCLCQ</subfield><subfield code="d">NVF</subfield><subfield code="d">OCLCQ</subfield><subfield code="d">NVF</subfield><subfield code="d">OCLCF</subfield><subfield code="d">CRL</subfield><subfield code="d">OCL</subfield><subfield code="d">OCLCO</subfield></datafield><datafield ind1="1" ind2=" " tag="029"><subfield code="a">AU@</subfield><subfield code="b">000024844459</subfield></datafield><datafield ind1=" " ind2=" " tag="042"><subfield code="a">pcc</subfield></datafield><datafield ind1=" " ind2=" " tag="043"><subfield code="a">n-us-il</subfield></datafield><datafield ind1="0" ind2=" " tag="130"><subfield code="a">Chicago daily drovers journal (Chicago, Ill. : 1892)</subfield></datafield><datafield ind1="1" ind2="4" tag="245"><subfield code="a">The Chicago daily drovers journal.</subfield></datafield><datafield ind1="1" ind2="0" tag="246"><subfield code="a">Drovers journal</subfield></datafield><datafield ind1="1" ind2="7" tag="246"><subfield code="a">Chicago drovers journal</subfield><subfield code="f">Apr. 20, 1896-1905</subfield></datafield><datafield ind1=" " ind2=" " tag="260"><subfield code="a">Chicago, Ill. :</subfield><subfield code="b">Harvey L. Goodall,</subfield><subfield code="c">1892-1905.</subfield></datafield><datafield ind1=" " ind2=" " tag="300"><subfield code="a">v.</subfield></datafield><datafield ind1=" " ind2=" " tag="310"><subfield code="a">Daily (except Sunday)</subfield></datafield><datafield ind1="0" ind2=" " tag="362"><subfield code="a">Vol. 22, no. 1 (Jan. 2, 1892)-v. 35, no. 266 (Nov. 4, 1905).</subfield></datafield><datafield ind1=" " ind2=" " tag="515"><subfield code="a">Continues the volume numbering of Daily drovers journal (Chicago, Ill.).</subfield></datafield><datafield ind1=" " ind2=" " tag="530"><subfield code="a">Also issued on microfilm from the University of Chicago.</subfield></datafield><datafield ind1=" " ind2=" " tag="580"><subfield code="a">Semiweekly ed.: Semi-weekly drovers journal, 1892-&lt;1897&gt;</subfield></datafield><datafield ind1=" " ind2="0" tag="650"><subfield code="a">Drovers</subfield><subfield code="z">Middle West</subfield><subfield code="v">Newspapers.</subfield></datafield><datafield ind1=" " ind2="0" tag="650"><subfield code="a">Meat industry and trade</subfield><subfield code="z">Middle West</subfield><subfield code="v">Newspapers.</subfield></datafield><datafield ind1=" " ind2="0" tag="650"><subfield code="a">Animal industry</subfield><subfield code="z">Middle West</subfield><subfield code="v">Newspapers.</subfield></datafield><datafield ind1=" " ind2="0" tag="651"><subfield code="a">Chicago (Ill.)</subfield><subfield code="v">Newspapers.</subfield></datafield><datafield ind1=" " ind2="7" tag="650"><subfield code="a">Drovers</subfield><subfield code="2">fast</subfield><subfield code="0">(OCoLC)fst00898469</subfield></datafield><datafield ind1=" " ind2="7" tag="650"><subfield code="a">Animal industry.</subfield><subfield code="2">fast</subfield><subfield code="0">(OCoLC)fst00809238</subfield></datafield><datafield ind1=" " ind2="7" tag="650"><subfield code="a">Meat industry and trade.</subfield><subfield code="2">fast</subfield><subfield code="0">(OCoLC)fst01013271</subfield></datafield><datafield ind1=" " ind2="7" tag="651"><subfield code="a">Illinois</subfield><subfield code="z">Chicago.</subfield><subfield code="2">fast</subfield><subfield code="0">(OCoLC)fst01204048</subfield></datafield><datafield ind1=" " ind2="7" tag="651"><subfield code="a">Middle West.</subfield><subfield code="2">fast</subfield><subfield code="0">(OCoLC)fst01240052</subfield></datafield><datafield ind1=" " ind2="7" tag="655"><subfield code="a">Newspapers.</subfield><subfield code="2">fast</subfield><subfield code="0">(OCoLC)fst01423814</subfield></datafield><datafield ind1=" " ind2=" " tag="752"><subfield code="a">United States</subfield><subfield code="b">Illinois</subfield><subfield code="c">Cook</subfield><subfield code="d">Chicago.</subfield></datafield><datafield ind1="1" ind2=" " tag="775"><subfield code="t">Semi-weekly drovers journal</subfield><subfield code="w">(DLC)sn 87082265</subfield><subfield code="w">(OCoLC)15240127</subfield></datafield><datafield ind1="0" ind2=" " tag="775"><subfield code="t">Goodall's farmer and weekly drovers journal</subfield></datafield><datafield ind1="0" ind2=" " tag="775"><subfield code="t">Goodall's farmer</subfield></datafield><datafield ind1="0" ind2="8" tag="776"><subfield code="i">Online version:</subfield><subfield code="t">Chicago daily drovers journal (Chicago, Ill. : 1892)</subfield><subfield code="w">(OCoLC)900097444</subfield></datafield><datafield ind1="0" ind2="0" tag="780"><subfield code="t">Daily drovers journal (Chicago, Ill.)</subfield><subfield code="w">(DLC)sn 82014342</subfield><subfield code="w">(OCoLC)8776510</subfield></datafield><datafield ind1="0" ind2="0" tag="785"><subfield code="t">Chicago daily drovers journal and farm news</subfield><subfield code="w">(DLC)sn 93062961</subfield><subfield code="w">(OCoLC)10095793</subfield></datafield></record>